@article{blei2003latent,
  title={Latent dirichlet allocation},
  author={Blei, David M and Ng, Andrew Y and Jordan, Michael I},
  journal={Journal of machine Learning research},
  volume={3},
  number={Jan},
  pages={993--1022},
  year={2003}
}

@inproceedings{mcauliffe2008supervised,
  title={Supervised topic models},
  author={Mcauliffe, Jon D and Blei, David M},
  booktitle={Advances in neural information processing systems},
  pages={121--128},
  year={2008}
}

@article{pagourtzi2003real,
  title={Real estate appraisal: a review of valuation methods},
  author={Pagourtzi, Elli and Assimakopoulos, Vassilis and Hatzichristos, Thomas and French, Nick},
  journal={Journal of Property Investment \& Finance},
  volume={21},
  number={4},
  pages={383--401},
  year={2003},
  publisher={MCB UP Ltd}
}

@article{chen2016xgboost,
  title={Xgboost: A scalable tree boosting system},
  author={Chen, Tianqi and Guestrin, Carlos},
  journal={arXiv preprint arXiv:1603.02754},
  year={2016}
}